<record><leader>00000cas a22000007i 4500</leader><controlfield tag="001">862979278</controlfield><controlfield tag="006">m     o  d        </controlfield><controlfield tag="007">cr |n|000|||||</controlfield><controlfield tag="008">870604d18551856inuwr neo     0   a0eng  </controlfield><datafield ind1=" " ind2=" " tag="010"><subfield code="a">  2013272096</subfield></datafield><datafield ind1=" " ind2=" " tag="040"><subfield code="a">Nz</subfield><subfield code="b">eng</subfield><subfield code="e">rda</subfield><subfield code="c">Z5A</subfield><subfield code="d">DLC</subfield><subfield code="d">OCLCF</subfield></datafield><datafield ind1="0" ind2=" " tag="022"><subfield code="a">2332-4414</subfield><subfield code="2">1</subfield></datafield><datafield ind1="0" ind2=" " tag="029"><subfield code="a">NZ1</subfield><subfield code="b">15127595</subfield></datafield><datafield ind1=" " ind2=" " tag="042"><subfield code="a">msc</subfield><subfield code="a">nsdp</subfield></datafield><datafield ind1=" " ind2=" " tag="043"><subfield code="a">n-us-in</subfield></datafield><datafield ind1="1" ind2="0" tag="050"><subfield code="a">ISSN RECORD</subfield></datafield><datafield ind1="0" ind2="0" tag="082"><subfield code="a">071</subfield><subfield code="2">23</subfield></datafield><datafield ind1="0" ind2=" " tag="130"><subfield code="a">Plymouth weekly banner (Online)</subfield></datafield><datafield ind1=" " ind2="0" tag="222"><subfield code="a">Plymouth weekly banner</subfield><subfield code="b">(Online)</subfield></datafield><datafield ind1="1" ind2="0" tag="245"><subfield code="a">Plymouth weekly banner.</subfield></datafield><datafield ind1=" " ind2="1" tag="264"><subfield code="a">Plymouth, Indiana :</subfield><subfield code="b">Wm. J. Burns,</subfield><subfield code="c">1855-</subfield></datafield><datafield ind1=" " ind2=" " tag="310"><subfield code="a">Weekly</subfield></datafield><datafield ind1=" " ind2=" " tag="336"><subfield code="a">text</subfield><subfield code="b">txt</subfield><subfield code="2">rdacontent</subfield></datafield><datafield ind1=" " ind2=" " tag="337"><subfield code="a">computer</subfield><subfield code="b">c</subfield><subfield code="2">rdamedia</subfield></datafield><datafield ind1=" " ind2=" " tag="338"><subfield code="a">online resource</subfield><subfield code="b">cr</subfield><subfield code="2">rdacarrier</subfield></datafield><datafield ind1="1" ind2=" " tag="362"><subfield code="a">Began with vol. 4, no. 11 (May 31, 1855). Ceased with Oct. 2, 1856 issue?</subfield></datafield><datafield ind1=" " ind2=" " tag="500"><subfield code="a">Publisher: John Greer, &lt;September 1856&gt;.</subfield></datafield><datafield ind1=" " ind2=" " tag="588"><subfield code="a">Description based on: Vol. 4, no. 11 (May 31, 1855); title from masthead (Chroniclingamerica.loc.gov, viewed November 27, 2013).</subfield></datafield><datafield ind1=" " ind2=" " tag="588"><subfield code="a">Latest issue consulted: Vol. 5, no. 22 (September 4, 1856) (Chroniclingamerica.loc.gov, viewed November 27, 2013).</subfield></datafield><datafield ind1=" " ind2="0" tag="651"><subfield code="a">Plymouth (Ind.)</subfield><subfield code="v">Newspapers.</subfield></datafield><datafield ind1=" " ind2="7" tag="655"><subfield code="a">Newspapers.</subfield><subfield code="2">fast</subfield><subfield code="0">(OCoLC)fst01423814</subfield></datafield><datafield ind1=" " ind2="7" tag="651"><subfield code="a">Indiana</subfield><subfield code="z">Plymouth.</subfield><subfield code="2">fast</subfield><subfield code="0">(OCoLC)fst01218147</subfield></datafield><datafield ind1=" " ind2=" " tag="752"><subfield code="a">United States</subfield><subfield code="b">Indiana</subfield><subfield code="c">Marshall</subfield><subfield code="d">Plymouth.</subfield></datafield><datafield ind1="0" ind2="8" tag="776"><subfield code="i">Orginally issued in print:</subfield><subfield code="t">Plymouth weekly banner</subfield><subfield code="x">2332-4406</subfield><subfield code="w">(DLC)sn 87056242</subfield><subfield code="w">(OCoLC)15807193</subfield></datafield><datafield ind1="0" ind2="0" tag="780"><subfield code="t">Plymouth banner (Plymouth, Ind. : Online)</subfield><subfield code="x">2332-4384</subfield><subfield code="w">(DLC)  2013272095</subfield><subfield code="w">(OCoLC)862979275</subfield></datafield><datafield ind1="0" ind2="0" tag="785"><subfield code="t">Marshall County Republican (Plymouth, Ind. : Online)</subfield><subfield code="x">2328-7764</subfield><subfield code="w">(DLC)  2013218767</subfield><subfield code="w">(OCoLC)841381340</subfield></datafield><datafield ind1="4" ind2="0" tag="856"><subfield code="u">http://www.loc.gov/chroniclingamerica/lccn/sn87056242/issues</subfield></datafield></record>